<record><leader>00000cas a22000007a 4500</leader><controlfield tag="001">24487677</controlfield><controlfield tag="008">911002d189u19uucauwr ne      0   a0eng d</controlfield><datafield ind1=" " ind2=" " tag="010"><subfield code="a">sn 92068906 </subfield></datafield><datafield ind1=" " ind2=" " tag="040"><subfield code="a">CHU</subfield><subfield code="b">eng</subfield><subfield code="c">CHU</subfield><subfield code="d">CNK</subfield><subfield code="d">OCLCQ</subfield><subfield code="d">OCLCF</subfield><subfield code="d">OCLCO</subfield></datafield><datafield ind1="1" ind2=" " tag="029"><subfield code="a">AU@</subfield><subfield code="b">000025850241</subfield></datafield><datafield ind1=" " ind2=" " tag="042"><subfield code="a">msc</subfield></datafield><datafield ind1=" " ind2=" " tag="043"><subfield code="a">n-us-ca</subfield></datafield><datafield ind1=" " ind2=" " tag="090"><subfield code="a">F868.H8</subfield><subfield code="b">C275</subfield></datafield><datafield ind1="0" ind2=" " tag="130"><subfield code="a">Californian (Eureka, Calif.)</subfield></datafield><datafield ind1="1" ind2="4" tag="245"><subfield code="a">The Californian.</subfield></datafield><datafield ind1=" " ind2=" " tag="260"><subfield code="a">Eureka, Calif. :</subfield><subfield code="b">M.M. Vaughn</subfield></datafield><datafield ind1=" " ind2=" " tag="300"><subfield code="a">v. :</subfield><subfield code="b">ill. ;</subfield><subfield code="c">39 cm.</subfield></datafield><datafield ind1=" " ind2=" " tag="310"><subfield code="a">Weekly</subfield></datafield><datafield ind1=" " ind2=" " tag="588"><subfield code="a">Description based on: Vol. 2, no. 1 (Feb. 12, 1898).</subfield></datafield><datafield ind1=" " ind2="0" tag="651"><subfield code="a">Humboldt County (Calif.)</subfield><subfield code="v">Newspapers.</subfield></datafield><datafield ind1=" " ind2="7" tag="655"><subfield code="a">Newspapers.</subfield><subfield code="2">fast</subfield><subfield code="0">(OCoLC)fst01423814</subfield></datafield><datafield ind1=" " ind2="7" tag="651"><subfield code="a">California</subfield><subfield code="z">Humboldt County.</subfield><subfield code="2">fast</subfield><subfield code="0">(OCoLC)fst01214282</subfield></datafield><datafield ind1=" " ind2=" " tag="752"><subfield code="a">United States</subfield><subfield code="b">California</subfield><subfield code="c">Humboldt</subfield><subfield code="d">Eureka.</subfield></datafield></record>